%% This BibTeX bibliography file was created using BibDesk.
%% http://bibdesk.sourceforge.net/


%% Created for Eleanor Brush at 2015-03-25 13:18:23 -0400 


%% Saved with string encoding Unicode (UTF-8) 



@article{Torney:2015fk,
	Author = {Colin J. Torney and Tommaso Lorenzi and Iain D. Couzin and Simon A. Levin},
	Date-Added = {2015-03-25 17:17:21 +0000},
	Date-Modified = {2015-03-25 17:18:23 +0000},
	Journal = {Journal of The Royal Society Interface},
	Number = {103},
	Pages = {20140893},
	Title = {Social information use and the evolution of unresponsiveness in collective systems},
	Volume = {12},
	Year = {2015}}

@article{Landeau:1986fk,
	Author = {Laurie Landeau and John Terborgh},
	Date-Added = {2015-03-24 15:23:00 +0000},
	Date-Modified = {2015-03-24 15:23:30 +0000},
	Journal = {Animal Behaviour},
	Number = {5},
	Pages = {1372-1380},
	Title = {Oddity and the 'confusion effect' in predation},
	Volume = {34},
	Year = {1986}}

@article{Bode:2010ys,
	Author = {Nikolai W.F. Bode and Daniel W. Franks and A. Jamie Wood},
	Date-Added = {2015-03-22 18:49:51 +0000},
	Date-Modified = {2015-03-23 20:46:27 +0000},
	Journal = {Journal of The Royal Society Interface},
	Pages = {rsfi20100397},
	Title = {Limited interactions in flocks: relating model simulations to empirical data},
	Year = {2010}}

@article{Lukeman:2010vn,
	Author = {Ryan Lukeman and Yue-Zian Li and Leah Edelstein-Keshet},
	Date-Added = {2015-03-22 18:49:07 +0000},
	Date-Modified = {2015-03-22 18:49:49 +0000},
	Journal = {Proceedings of the National Academy of Science},
	Number = {28},
	Pages = {12576-12580},
	Title = {Inferring individual rules from collective behavior},
	Volume = {107},
	Year = {2010}}

@article{Cavagna:2009kx,
	Author = {Andrea Cavagna and Alessio Cimarelli and Irene Giardina and Giorgio Parisi and Raffaele Santagati and Fabio Stefanini and Massimiliano Viale},
	Date-Added = {2015-03-22 18:47:46 +0000},
	Date-Modified = {2015-03-22 18:49:06 +0000},
	Journal = {Proceedings of the National Academy of Science},
	Number = {26},
	Pages = {11685-11870},
	Title = {Scale-free correlations in starling flocks},
	Volume = {107},
	Year = {2009}}

@article{Shang:2014uq,
	Author = {Yilun Shang and Roland Bouffanais},
	Date-Added = {2015-03-22 18:45:58 +0000},
	Date-Modified = {2015-03-22 18:47:43 +0000},
	Journal = {Scientific reports},
	Title = {Influence of the number of topologically interacting neighbors on swarm dynamics},
	Volume = {4},
	Year = {2014}}

@article{Strandburg-Peshkin:2013fk,
	Author = {Ariana Strandburg-Peshkin and Colin R. Twomey and Nikolai W.F. Bode and Albert B. Kao and Yael Katz and Christos C. Ioannou and Sara B. Rosenthal and Colin J. Torney and Hai Shan Wu and Simon A. Levin and Iain D. Couzin},
	Date-Added = {2015-03-22 18:29:26 +0000},
	Date-Modified = {2015-03-22 18:31:21 +0000},
	Journal = {Current Biology},
	Number = {17},
	Pages = {R709-R711},
	Title = {Visual sensory networks and effective information transfer in animal groups},
	Volume = {23},
	Year = {2013}}

@article{Bialek:2013fk,
	Author = {William Bialek and Andrea Cavagna and Irene Giardina and Thierry Mora and Oliver Pohl and Edmondo Silvestri and Massimiliano Viale and Aleksandra Walczak},
	Date-Added = {2014-07-20 21:05:40 +0000},
	Date-Modified = {2014-07-20 21:06:27 +0000},
	Journal = {arXiv},
	Title = {Social interactions dominate speed control in driving natural flocks toward criticality},
	Year = {2013}}

@article{Glauber:1963fk,
	Author = {Roy J. Glauber},
	Date-Added = {2014-04-25 14:56:10 -0400},
	Date-Modified = {2014-04-25 14:56:51 -0400},
	Journal = {Journal of Mathematical Physics},
	Number = {2},
	Pages = {294-307},
	Title = {Time Dependent Statistics of the Ising Model},
	Volume = {4},
	Year = {1963}}

@article{Holme:2006fk,
	Author = {Petter Holme and Gourab Ghoshal},
	Date-Added = {2013-04-05 16:38:27 -0400},
	Date-Modified = {2013-04-05 16:39:56 -0400},
	Journal = {Phys. Rev. Lett.},
	Month = {March},
	Number = {4},
	Title = {Dynamics of Networking Agents Competing for High Centrality and Low D},
	Volume = {96},
	Year = {2006}}

@article{Ballerini:2007uq,
	Author = {M. Ballerini and N. Cabibbo and R. Candelier and A. Cavagna and E. Cisbani and I. Giardina and V. Lecomte and A. Orlandi and G. Parisi and A. Procaccini and M. Viale and V. Zdravkovic},
	Date-Added = {2013-03-27 22:01:24 -0400},
	Date-Modified = {2013-03-27 22:03:00 -0400},
	Journal = {Proceedings of the National Academy of Science},
	Month = {January},
	Number = {4},
	Pages = {1232-1237},
	Title = {Interaction ruling animal collective behavior depends on topological rather than metric distance: Evidence from a field study},
	Volume = {105},
	Year = {2008}}

@article{Young:2013kx,
	Author = {George F. Young and Luca Scardovi and Andrea Cavagna and Irene Giardina and Naomi E. Leonard},
	Date-Added = {2013-03-27 21:45:03 -0400},
	Date-Modified = {2013-03-27 22:04:52 -0400},
	Journal = {PLOS Computational Biology},
	Title = {Starling Flock Networks Manage Uncertainty in Consensus at Low Cost},
	Volume = {9},
	Year = {2013}}

@article{Bialek:2012fk,
	Author = {William Bialek and Andrea Cavagna and Irene Giardina and Thierry Mora and Edmondo Silvestri and Massimiliano Viale and Aleksandra M. Walczak},
	Date-Added = {2013-03-27 21:42:01 -0400},
	Date-Modified = {2013-10-21 09:49:05 -0400},
	Journal = {Proceedings of the National Academy of Science},
	Month = {March},
	Number = {13},
	Pages = {4786-4791},
	Title = {Statistical mechanics for natural flocks of birds},
	Volume = {109},
	Year = {2012}}

@book{Nowak:2006uq,
	Author = {Martin Nowak},
	Date-Added = {2012-12-11 12:11:51 -0500},
	Date-Modified = {2012-12-11 12:11:51 -0500},
	Publisher = {Belknap / Harvard},
	Title = {Evolutionary Dynamics},
	Year = {2006}}

@article{Young:2010fk,
	Author = {George Forrest Young and Luca Scardovi and Naomi Ehrich Leonard},
	Date-Added = {2012-09-19 10:06:48 -0400},
	Date-Modified = {2012-09-19 10:07:17 -0400},
	Journal = {Proceedings of the American Control Conference},
	Title = {Robustness of Noisy Consensus Dynamics with Directed Communication},
	Year = {2010}}

@book{Meyer:2001fk,
	Author = {Carl Meyer},
	Date-Added = {2012-09-04 11:01:28 -0400},
	Date-Modified = {2012-09-04 11:02:40 -0400},
	Publisher = {SIAM: Society for Industrial and Applied Mathematics},
	Title = {Matrix Analysis and Applied Linear Algebra},
	Year = {2001}}
